<record><leader>00000cas a22000007a 4500</leader><controlfield tag="001">33940342</controlfield><controlfield tag="008">951219d19uu1977sduwr ne      0    0eng d</controlfield><datafield ind1=" " ind2=" " tag="010"><subfield code="a">sn 95076613 </subfield></datafield><datafield ind1=" " ind2=" " tag="040"><subfield code="a">SXN</subfield><subfield code="b">eng</subfield><subfield code="c">SXN</subfield><subfield code="d">OCLCQ</subfield><subfield code="d">OCLCO</subfield></datafield><datafield ind1="1" ind2=" " tag="029"><subfield code="a">AU@</subfield><subfield code="b">000025862921</subfield></datafield><datafield ind1=" " ind2=" " tag="042"><subfield code="a">msc</subfield></datafield><datafield ind1=" " ind2=" " tag="043"><subfield code="a">n-us-sd</subfield></datafield><datafield ind1="0" ind2="4" tag="245"><subfield code="a">The Morristown world.</subfield></datafield><datafield ind1=" " ind2=" " tag="260"><subfield code="a">Morristown, Corson County, S.D. :</subfield><subfield code="b">World Pub. Co.</subfield></datafield><datafield ind1=" " ind2=" " tag="300"><subfield code="a">v.</subfield></datafield><datafield ind1=" " ind2=" " tag="310"><subfield code="a">Weekly</subfield></datafield><datafield ind1="0" ind2=" " tag="362"><subfield code="a">-60th year, no. 18 (Jan. 27, 1977).</subfield></datafield><datafield ind1=" " ind2=" " tag="500"><subfield code="a">Published in: Morristown, &lt;Apr. 9, 1915&gt;-Jan. 9, 1942; and in: McIntosh, Jan. 16, 1942-1977.</subfield></datafield><datafield ind1=" " ind2=" " tag="515"><subfield code="a">Vol. and issue numbers irregular. Many issues misdated.</subfield></datafield><datafield ind1=" " ind2=" " tag="530"><subfield code="a">Available on microfilm from: State Archives, South Dakota State Historical Society.</subfield></datafield><datafield ind1=" " ind2=" " tag="588"><subfield code="a">Description based on: Vol. 6, no. 41 (Apr. 9, 1915).</subfield></datafield><datafield ind1="2" ind2="0" tag="610"><subfield code="a">Standing Rock Sioux Tribe.</subfield></datafield><datafield ind1=" " ind2="0" tag="651"><subfield code="a">Morristown (S.D.)</subfield><subfield code="v">Newspapers.</subfield></datafield><datafield ind1=" " ind2="0" tag="651"><subfield code="a">Corson County (S.D.)</subfield><subfield code="v">Newspapers.</subfield></datafield><datafield ind1=" " ind2=" " tag="752"><subfield code="a">United States</subfield><subfield code="b">South Dakota</subfield><subfield code="c">Corson</subfield><subfield code="d">McIntosh.</subfield></datafield><datafield ind1=" " ind2=" " tag="752"><subfield code="a">United States</subfield><subfield code="b">South Dakota</subfield><subfield code="c">Corson</subfield><subfield code="d">Morristown.</subfield></datafield><datafield ind1="0" ind2="0" tag="785"><subfield code="t">Corson County news</subfield><subfield code="w">(DLC)sn 84007772</subfield></datafield></record>